<collection xmlns="http://www.loc.gov/MARC21/slim"><record><leader>00822nam  2200241   450</leader><controlfield tag="001">804</controlfield><controlfield tag="003">http://montalegre.opacnet.com/OPAC/default.aspx?ContentAreaControl=ShowRegHoldings.ascx&amp;RegNo=16662</controlfield><datafield tag="100" ind1=" " ind2=" "><subfield code="a">20061013d1987----k y0pory0103 ba</subfield></datafield><datafield tag="101" ind1="1" ind2=" "><subfield code="a">por</subfield><subfield code="c">spa</subfield></datafield><datafield tag="102" ind1=" " ind2=" "><subfield code="a">PT</subfield><subfield code="b">Lisboa</subfield></datafield><datafield tag="200" ind1="1" ind2=" "><subfield code="a">História de Mayta</subfield><subfield code="f">Mario Vargas Llosa</subfield><subfield code="g">tradução de José Carlos González</subfield></datafield><datafield tag="205" ind1=" " ind2=" "><subfield code="a">1ª ed</subfield></datafield><datafield tag="210" ind1=" " ind2=" "><subfield code="a">Lisboa</subfield><subfield code="c">Dom Quixote</subfield><subfield code="d">1987</subfield></datafield><datafield tag="215" ind1=" " ind2=" "><subfield code="a">260 p.</subfield><subfield code="d">24 cm</subfield></datafield><datafield tag="225" ind1="2" ind2=" "><subfield code="a">Ficção universal</subfield><subfield code="v">25</subfield></datafield><datafield tag="304" ind1=" " ind2=" "><subfield code="a">Tít. orig.: Historia de Mayata</subfield></datafield><datafield tag="606" ind1="1" ind2=" "><subfield code="a">Literatura peruana</subfield></datafield><datafield tag="608" ind1=" " ind2=" "><subfield code="a">Romance</subfield></datafield><datafield tag="675" ind1=" " ind2=" "><subfield code="a">821.134.2(7/8)</subfield></datafield><datafield tag="700" ind1=" " ind2="1"><subfield code="a">Vargas Llosa</subfield><subfield code="b">Jorge Mario Pedro</subfield><subfield code="f">1936-</subfield></datafield><datafield tag="702" ind1=" " ind2="1"><subfield code="a">González</subfield><subfield code="b">José Carlos</subfield><subfield code="f">1937-2000</subfield><subfield code="4">730</subfield></datafield><datafield tag="801" ind1=" " ind2="0"><subfield code="a">PT</subfield><subfield code="b">Biblioteca Municipal de Montalegre</subfield><subfield code="g">RPC</subfield></datafield><datafield tag="856" ind1=" " ind2=" "><subfield code="u">locateMedia.asp?cod=20060622151914&amp;ext=jpg</subfield><subfield code="z">CAPA</subfield></datafield><datafield tag="909" ind1="&#9;" ind2=" "><subfield code="a">1</subfield></datafield><datafield tag="966" ind1=" " ind2=" "><subfield code="a">0008750</subfield><subfield code="l">BMM</subfield><subfield code="s">SCG 821.134.2(7/8) VAR his 25</subfield></datafield></record></collection>